@book{AB00,
author = {K. Abel and U. Bibel},
title = {Formatierungsrichtlinien f{\"u}r Tagungsb{\"a}nde},
publisher = {Format-Verlag},
address = {Bonn},
year = {2000}
}

@inproceedings{ABC01,
author  = {N. Abraham and U. Bibel and P. Corleone},
title = {Formatting Contributions for Proceedings},
pages={46-53},
crossref ="Gl01"
}

@Proceedings{Gl01,
editor = {Gl{\"u}ck, H.I.}, 
title = {Proc. 7th Int. Conf. on Formatting of Workshop-Proceedings, New York 1999},
booktitle = {Proc. 7th Int. Conf. on Formatting of Workshop-Proceedings, New York 1999},
publisher ={Noah \& Sons},
address ={San Francisco},
year = {2001}
}

@InBook{Az09,
author = {Azubi, L. and others},
title = {Die Fu{\ss}note in LNI-Bänden},
pages={135-162},
crossref ="Gl09"
}

@Book{Gl09,
editor = {H.I. Gl{\"u}ck},
title = {Formatierung 2009},
booktitle = {Formatierung 2009},
publisher = {Format-Verlag},
year = {2009},
address = {Bonn},
series = {LNI},
number={999}
}

@Book{Ez10,
author = {O. Ezgarani},
title = {The Magic Format - Your Way to Pretty Books},
publisher = {Noah \& Sons},
year = {2010}
}

@Article{Gl06,
author = {H.I. Gl{\"u}ck},
title = {Formatierung leicht gemacht},
journal = {Formatierungsjournal 11/09},
year = {2009},
pages = {23-27}
}

@Online{GI14,
title = {GI, Gesellschaft für Informatik e.V.},
year = {2014},
note = {www.gi-ev.at, Stand: 24.12.2014}
}

@Book{Wa14,
author = {K. Wasser and H. Feuer and R. Erde and H. Licht},
title = {Essenzen der Informatik},
publisher = {Verlag Formvoll},
year = {2014}
}

@Misc{XX14,
title = {Anteil an Frauen in der Informatik},
howpublished = {Statistics Worldwide},
year = {2014}
}

@Book{Wa14b,
author = {K. Wasser and H. Feuer and R. Erde and H. Licht},
title = {Ganz neue Essenzen der Informatik im selben Jahr},
publisher = {Format-Verlag},
year = {2014}
}




