@Online{ImageNet,
    title = {ImageNet},
    year = {2021},
    note = {https://www.image-net.org/download.php, 13.06.2021}
}

@Article{MBNET,
    author = {Howard et al.},
    title = {MobileNets: Efficient Convolutional Neural Networks for Mobile VisionApplications},
    year = {2017},
    pages = {1}
}

@Online{sklearn,
    title = {scikit-learn Documentation},
    year = {2021},
    note = {https://scikit-learn.org/stable/modules/classes.html, 13.06.2021}
}

@Article{LIVDET,
    author = {Mura et al.},
    title = {LivDet 2017 Fingerprint Liveness Detection Competition2017},
    year = {2017},
    pages = {4}
}
